<?xml version="1.0" encoding="UTF-8" ?><marc:collection xmlns:marc="http://www.loc.gov/MARC21/slim" xmlns:xsi="http://www.w3.org/2001/XMLSchema-instance" xsi:schemaLocation="http://www.loc.gov/MARC21/slim http://www.loc.gov/standards/marcxml/schema/MARC21slim.xsd">
<marc:record><marc:leader>01161cam a2200241 a 4500</marc:leader>
<marc:controlfield tag="006">m        u        </marc:controlfield>
<marc:controlfield tag="007">cr mnu---</marc:controlfield><marc:controlfield tag="008">      s2012    enkb     b    000 0 eng  </marc:controlfield><marc:datafield tag="020" ind1=" " ind2=" "><marc:subfield code="a">9781906924720</marc:subfield><marc:subfield code="a">9781906924737</marc:subfield><marc:subfield code="a">9781906924744</marc:subfield></marc:datafield><marc:datafield tag="043" ind1=" " ind2=" "><marc:subfield code="a">f------</marc:subfield></marc:datafield><marc:datafield tag="082" ind1="0" ind2="0"><marc:subfield code="a">398.2/096</marc:subfield><marc:subfield code="2">20</marc:subfield></marc:datafield><marc:datafield tag="090" ind1="0" ind2="0"><marc:subfield code="a">PL8010</marc:subfield><marc:subfield code="b">.F5 2012</marc:subfield></marc:datafield><marc:datafield tag="100" ind1="1" ind2=" "><marc:subfield code="a">Finnegan, Ruth H.</marc:subfield></marc:datafield><marc:datafield tag="245" ind1="1" ind2="0"><marc:subfield code="a">Oral literature in Africa </marc:subfield><marc:subfield code="h">[electronic resource] /</marc:subfield><marc:subfield code="c">Ruth Finnegan.</marc:subfield></marc:datafield><marc:datafield tag="260" ind1=" " ind2=" "><marc:subfield code="a">Cambridge :</marc:subfield><marc:subfield code="b">OpenBook Publishers, </marc:subfield><marc:subfield code="c">c2012.</marc:subfield></marc:datafield><marc:datafield tag="300" ind1=" " ind2=" "><marc:subfield code="a">1 online resource (xliii, 570 p.) :</marc:subfield><marc:subfield code="b">ill. (some col.), col. map</marc:subfield></marc:datafield><marc:datafield tag="490" ind1="0" ind2=" "><marc:subfield code="a">World Oral Literature Series, </marc:subfield><marc:subfield code="x">2050-7933 ;</marc:subfield><marc:subfield code="v">v.1</marc:subfield></marc:datafield><marc:datafield tag="500" ind1=" " ind2=" "><marc:subfield code="a"> &quot;This unglued edition is freely available to download from our website and distributed under the terms of the Creative Commons CC-BY license&quot;--p. [572]</marc:subfield></marc:datafield><marc:datafield tag="588" ind1=" " ind2=" "><marc:subfield code="a">Description based on online resource; title from ePub ed. t.p. (viewed Sept. 9, 2012)</marc:subfield></marc:datafield><marc:datafield tag="504" ind1=" " ind2=" "><marc:subfield code="a">Includes index and bibliographical references (p.511-546).</marc:subfield></marc:datafield><marc:datafield tag="650" ind1=" " ind2="0"><marc:subfield code="a">Folk literature, African</marc:subfield><marc:subfield code="x">History and criticism.</marc:subfield></marc:datafield><marc:datafield tag="650" ind1=" " ind2="0"><marc:subfield code="a">Oral tradition</marc:subfield><marc:subfield code="z">Africa.</marc:subfield></marc:datafield><marc:datafield tag="776" ind1="0" ind2="8"><marc:subfield code="I">Print version: </marc:subfield><marc:subfield code="a">Finnegan, Ruth H.</marc:subfield><marc:subfield code="t">Oral literature in Africa</marc:subfield><marc:subfield code="z">9781906924713</marc:subfield><marc:subfield code="z">9781906924706</marc:subfield></marc:datafield></marc:record>
</marc:collection>
